<record><leader>00000cas a22000007a 4500</leader><controlfield tag="001">14875140</controlfield><controlfield tag="008">861125d19771982iauwr ne      0    0eng d</controlfield><datafield ind1=" " ind2=" " tag="010"><subfield code="a">sn 86060281 </subfield></datafield><datafield ind1=" " ind2=" " tag="040"><subfield code="a">INP</subfield><subfield code="b">eng</subfield><subfield code="c">INP</subfield><subfield code="d">OCLCQ</subfield></datafield><datafield ind1=" " ind2=" " tag="042"><subfield code="a">msc</subfield></datafield><datafield ind1="0" ind2=" " tag="130"><subfield code="a">Rockwell City advocate (Rockwell City, Iowa : 1977)</subfield></datafield><datafield ind1="1" ind2="0" tag="245"><subfield code="a">Rockwell City advocate.</subfield></datafield><datafield ind1="1" ind2="7" tag="246"><subfield code="a">Advocate-enterprise-reporter</subfield><subfield code="f">Jan. 5-July 6, 1977</subfield></datafield><datafield ind1="1" ind2="7" tag="246"><subfield code="a">Advocate-enterprise-index-reporter</subfield><subfield code="f">July 13, 1977-May 29, 1980</subfield></datafield><datafield ind1=" " ind2=" " tag="260"><subfield code="a">Rockwell City, Iowa :</subfield><subfield code="b">Rockwell City Advocate,</subfield><subfield code="c">1977-1982.</subfield></datafield><datafield ind1=" " ind2=" " tag="300"><subfield code="a">6 v. :</subfield><subfield code="b">ill.</subfield></datafield><datafield ind1=" " ind2=" " tag="310"><subfield code="a">Weekly</subfield></datafield><datafield ind1="0" ind2=" " tag="362"><subfield code="a">99th year, no. 2 (Jan. 5, 1977)-104th year, no. 42 (June 10, 1982).</subfield></datafield><datafield ind1=" " ind2=" " tag="752"><subfield code="a">United States</subfield><subfield code="b">Iowa</subfield><subfield code="c">Calhoun</subfield><subfield code="d">Rockwell City.</subfield></datafield><datafield ind1="0" ind2="0" tag="780"><subfield code="t">Newspaper (Lohrville, Iowa)</subfield><subfield code="w">(DLC)sn 86060280</subfield></datafield><datafield ind1="0" ind2="0" tag="785"><subfield code="t">Advocate (Rockwell City, Iowa)</subfield><subfield code="w">(DLC)sn 86060278</subfield></datafield></record>